@article{Maxwell1865,
  abstract  = {(1) The most obvious mechanical phenomenon in electrical and magnetical experiments is the mutual action},
  author    = {James Clerk Maxwell},
  doi       = {10.1098/RSTL.1865.0008},
  issn      = {0261-0523},
  journal   = {Philosophical Transactions of the Royal Society of London},
  month     = {12},
  pages     = {459-512},
  publisher = {
               The Royal Society
               London
               },
  title     = {VIII. A dynamical theory of the electromagnetic field},
  volume    = {155},
  url       = {https://royalsocietypublishing.org/doi/10.1098/rstl.1865.0008},
  year      = {1865}
}
@article{SpotifyDataset,
  author       = {Yamac Eren Ay},
  title        = {Spotify Dataset 1921-2020, 600k+ Tracks},
  howpublished = {Kaggle},
  journal = {Dataset},
  url          = {https://www.kaggle.com/yamaerenay/spotify-dataset-19212020-600k-tracks},
  year         = {2021}
}
@article{PredictingPopularityonSpotify,
  author  = {Zach Quinn},
  title   = {Predicting Popularity on Spotify â€” When Data Needs Culture More than Culture Needs Data},
  journal = {Towards Data Science},
  url     = {https://towardsdatascience.com/predicting-popularity-on-spotify-when-data-needs-culture-more-than-culture-needs-data-2ed3661f75f1},
  year    = {2021}
}

@article{SpotifyAnalysis,
  author = {Virginia Ochi},
  title  = {Spotify Danceability and Popularity Analysis using SAP},
  journal = {Towards Data Science},
  url    = {https://arxiv.org/abs/2108.02370},
  year   = {https://arxiv.org/abs/2108.02370}
}